@techreport{magistrska-crnigoj,
Title                    = {Senzorski moduli NFC in varnost podatkov},
Author                = {Črnigoj, Dean},
institution            = {FRI - Fakulteta za računalništvo in informatiko, Univerza v Ljubljani},
Year                    = {2018},
type                    = {Magistrsko delo/naloga}
}

@techreport{magistrska-marolt,
Title                    = {Napovedovanje dobe uporabnosti na podlagi senzorskih podatkov v hladni verigi},
Author                = {Marolt, Klemen},
institution            = {FRI - Fakulteta za računalništvo in informatiko, Univerza v Ljubljani},
Year                    = {2016},
type                    = {Magistrsko delo/naloga}
}

@misc{rht10-dialogger,
title={Merilna naprava RHT10: Humidity and Temperature USB Datalogger},
key = {RHT10},
howpublished={Dosegljivo: \url{http://www.extech.com/products/RHT10}},
note = {[Dostopano: 13. 02. 2020]},
}

@misc{tida-dialogger,
title={Merilna naprava TIDA},
key = {TIDA},
howpublished={Dosegljivo: \url{http://www.ti.com/tool/TIDA-00524}},
note = {[Dostopano: 24. 02. 2020]},
}

@misc{laravel-monolog,
title={Ogrodje Laravel Logging},
key = {Ogrodje Laravel Logging},
howpublished={Dosegljivo: \url{https://laravel.com/docs/5.8/logging}},
note = {[Dostopano: 23. 02. 2020]},
}

@misc{laravel-migrations,
title={Orodje Laravel Database: Migrations},
key = {Ogrodje Laravel Database: Migrations},
howpublished={Dosegljivo: \url{https://laravel.com/docs/5.8/migrations}},
note = {[Dostopano: 23. 02. 2020]},
}

@misc{laravel-artisan,
title={Orodje Laravel Artisan Console},
key = {Ogrodje Laravel Artisan Console},
howpublished={Dosegljivo: \url{https://laravel.com/docs/5.8/artisan}},
note = {[Dostopano: 23. 02. 2020]},
}

@misc{laravel-dump,
title={Orodje Laravel Dump},
key = {Ogrodje Laravel Dump},
howpublished={Dosegljivo: \url{https://laravel.com/docs/5.8/telescope#dump-watcher}},
note = {[Dostopano: 23. 02. 2020]},
}

@misc{laravel-main-page,
title={Ogrodje Laravel},
key = {Ogrodje Laravel},
howpublished={Dosegljivo: \url{https://laravel.com/}},
note = {[Dostopano: 14. 01. 2020]},
}

@misc{google-devtools,
title={Orodje za razvijalce Google DevTools},
key = {Orodje za razvijalce Google DevTools},
howpublished={Dosegljivo: \url{https://developers.google.com/web/tools/chrome-devtools}},
note = {[Dostopano: 23. 02. 2020]},
}

@misc{phpmyadmin-framework,
title={Orodje PhpMyAdmin},
key = {Orodje PhpMyAdmin},
howpublished={Dosegljivo: \url{https://en.wikipedia.org/wiki/PhpMyAdmin}},
note = {[Dostopano: 07. 02. 2020]},
}

@misc{carbon-framework,
title={Knjižnica Carbon},
key = {Knjižnica Carbon},
howpublished={Dosegljivo: \url{https://carbon.nesbot.com/}},
note = {[Dostopano: 07. 02. 2020]},
}

@misc{hightchars-js,
title={Knjižnica Javascript Highcharts®},
key = {Knjižnica Javascript Highcharts},
howpublished={Dosegljivo: \url{https://www.highcharts.com/blog/products/highcharts/}},
note = {[Dostopano: 23. 02. 2020]},
}

@misc{bootstraptable,
title={Knjižnica Bootstrap Table},
key = {Knjižnica Bootstrap Table},
howpublished={Dosegljivo: \url{https://bootstrap-table.com/}},
note = {[Dostopano: 02. 02. 2020]},
}

@misc{protokol-rest,
title={Protokol REST},
key = {Protokol REST},
howpublished={Dosegljivo: \url{https://www.ics.uci.edu/~fielding/pubs/dissertation/rest_arch_style.htm}},
note = {[Dostopano: 23. 02. 2020]},
}

@misc{sistem-git,
title={Sistem za nadzor različic git},
key = {Sistem za nadzor različic git},
howpublished={Dosegljivo: \url{https://git-scm.com/}},
note = {[Dostopano: 02. 02. 2020]},
}

@misc{css-jezik,
title={Slogovni jezik CSS},
key = {Slogovni jezik CSS},
howpublished={Dosegljivo: \url{https://sl.wikipedia.org/wiki/CSS}},
note = {[Dostopano: 02. 02. 2020]},
}

@misc{html-jezik,
title={Označevalni jezik HTML},
key = {Označevalni jezik HTML},
howpublished={Dosegljivo: \url{https://en.wikipedia.org/wiki/HTML}},
note = {[Dostopano: 23. 02. 2020]},
}

@misc{php-jezik,
title={Skriptni programski jezik PHP},
key = {Skriptni programski jezik PHP},
howpublished={Dosegljivo: \url{https://sl.wikipedia.org/wiki/PHP}},
note = {[Dostopano: 23. 02. 2020]},
}

@misc{pdf-format,
title={Dokument PDF},
key = {Dokument PDF},
howpublished={Dosegljivo: \url{https://sl.wikipedia.org/wiki/Portable_Document_Format}},
note = {[Dostopano: 23. 02. 2020]},
}

@misc{mysql-baza,
title={Podatkovna baza MySQL},
key = {Podatkovna baza MySQL},
howpublished={Dosegljivo: \url{https://sl.wikipedia.org/wiki/MySQL}},
note = {[Dostopano: 23. 02. 2020]},
}

@misc{intellij-idea,
title={Integrirano razvojno okolje IntelliJ IDEA},
key = {Integrirano razvojno okolje IntelliJ IDEA},
howpublished={Dosegljivo: \url{https://en.wikipedia.org/wiki/IntelliJ_IDEA}},
note = {[Dostopano: 23. 02. 2020]},
}

@misc{cooladmin-html-template,
title={Predloga HTML CoolAdmin},
key = {predloga HTML CoolAdmin},
howpublished={Dosegljivo: \url{https://github.com/puikinsh/CoolAdmin}},
note = {[Dostopano: 23. 02. 2020]},
}

@misc{apache-streznik,
title={Spletni strežnik Apache},
key = {Spletni strežnik Apache},
howpublished={Dosegljivo: \url{https://sl.wikipedia.org/wiki/Spletni_stre\%C5\%BEnik_Apache}},
note = {[Dostopano: 23. 02. 2020]},
}

@misc{mvc-arhitektura,
title={Arhitektura MVC},
key = {Arhitektura MVC},
howpublished={Dosegljivo: \url{https://en.wikipedia.org/wiki/Model\%E2\%80\%93view\%E2\%80\%93controller}},
note = {[Dostopano: 23. 02. 2020]},
}

@misc{IAAA-security,
title={Varnostni koncept IAAA},
key = {Varnostni koncept IAAA},
howpublished={Dosegljivo: \url{https://thorteaches.com/cissp-iaaa/}},
note = {[Dostopano: 23. 02. 2020]},
}

@misc{CSIRO-organizacija,
title={Organizacija CSIRO},
key = {Organizacija CSIRO},
howpublished={Dosegljivo: \url{https://en.wikipedia.org/wiki/CSIRO}},
note = {[Dostopano: 23. 02. 2020]},
}

@incollection{poglavje_laravel_mvc,
  title={The MVC flow},
  author={Fernando Monteiro},
  booktitle={Hands-On Full Stack Web Development with Angular 6 and Laravel 5},
  pages={23--64},
  year={2018},
  publisher={Packt}
}